% Example references from overleaf https://www.overleaf.com/learn/latex/Bibliography_management_in_LaTeX
% To cite, put e.g. \cite{einstein}

@article{libedinsky-lightleavesbasis,
  title    = {Sur la catégorie des bimodules de Soergel},
  author   = {Nicolas Libedinsky},
  note     = {(French)},
  journal  = {Journal of Algebra},
  volume   = {320},
  number   = {7},
  pages    = {2675-2694},
  year     = {2008},
  keywords = {Soergel's bimodules, Kazhdan–Lusztig theory, Lusztig's conjecture, Khovanov–Rozansky homology},
  doi      = {https://doi.org/10.1016/j.jalgebra.2008.05.027},
  issn     = {0021-8693}
}

@article{elias-williamson-soergel-calculus,
  title   = {Soergel Calculus},
  author  = {Elias, Ben and Williamson, Geordie},
  journal = {Representation Theory of the American Mathematical Society},
  volume  = {20},
  year    = {2016},
  month   = {10},
  doi     = {10.1090/ert/481}
}

@article{soergel-category-O,
  title     = {Kategorie {$\mathcal{O}$}, Perverse Garben Und Moduln Uber Den Koinvariantez Zur Weylgruppe},
  author    = {Wolfgang Soergel},
  journal   = {Journal of the American Mathematical Society},
  publisher = {American Mathematical Society},
  volume    = {3},
  number    = {2},
  pages     = {421--445},
  year      = {1990},
  issn      = {08940347, 10886834},
  url       = {http://www.jstor.org/stable/1990960}
}

@inbook{soergel-combinatorics-of-hcbim,
  author    = {Soergel, Wolfgang},
  editor    = {Broer, Abraham
               and Daigneault, A.
               and Sabidussi, Gert},
  title     = {Combinatorics of Harish-Chandra modules},
  booktitle = {Representation Theories and Algebraic Geometry},
  year      = {1998},
  publisher = {Springer Netherlands},
  pages     = {401--412},
  isbn      = {978-94-015-9131-7},
  doi       = {10.1007/978-94-015-9131-7_10},
  url       = {https://doi.org/10.1007/978-94-015-9131-7_10}
}

@article{elias-dihedral-cathedral,
  title     = {The two-color Soergel calculus},
  author    = {Ben Elias},
  journal   = {Compositio Mathematica},
  publisher = {London Mathematical Society},
  volume    = {152},
  number    = {2},
  pages     = {327--398},
  year      = {2016},
  doi       = {10.1112/S0010437X15007587}
}

@article{jones-planar-algebra,
  title     = {Planar algebras},
  author    = {Vaughan F. R. Jones},
  journal   = {New Zealand Journal of Mathematics},
  publisher = {American Mathematical Society},
  volume    = {52},
  pages     = {1--107},
  year      = {2021},
  month     = {Sep.},
  url       = {https://nzjmath.org/index.php/NZJMATH/article/view/172},
  doi       = {10.53733/172}
}

@article{riche-williamson-tilt-modules-p-canon-basis,
  title     = {Tilting Modules and the {$p$}-Canonical Basis},
  author    = {Simon Riche and Geordie Williamson},
  journal   = {Asterisque},
  publisher = {Société Mathématique de France},
  volume    = {397},
  year      = {2018},
  doi       = {10.24033/ast.1041}
}

@article{anderson-tubbenhauer-tilt,
  title     = {Diagram Categories for $\mathbf{U}_q$-Tilting Modules at Roots of Unity},
  author    = {Henning Haahr Andersen and Daniel Tubbenhauer},
  journal   = {Transformation Groups},
  publisher = {Société Mathématique de France},
  volume    = {22},
  pages     = {29--89},
  year      = {2017},
  doi       = {10.1007/s00031-016-9363-z}
}

@article{wenzl-jw-projectors,
  title     = {On Sequences of Projections},
  author    = {Hans Wenzl},
  journal   = {C. R. Math. Rep. Acad. Sci. Canada},
  publisher = {},
  volume    = {9 (1)},
  pages     = {5--9},
  year      = {1987},
  note      = {MR 873400 (88k:46070)}
}

@article{morrison-jw-projectors,
  title         = {A Formula for the Jones-Wenzl Projections},
  author        = {Scott Morrison},
  year          = {2015},
  primaryclass  = {math.QA},
  eprint        = {1503.00384},
  archiveprefix = {arXiv}
}

@article{jones-knot-polynomial,
  title     = {A polynomial invariant for links via von Neumann algebras},
  author    = {Vaughan F. R. Jones},
  journal   = {Bulletin of the American Mathematical Society},
  publisher = {American Mathematical Society},
  volume    = {60},
  pages     = {103--111},
  year      = {1985}
}
@article{kauffman-tl-planar-algebra,
  title     = {An invariant of regular isotopy},
  author    = {Louis H. Kauffman},
  journal   = {Trans. Amer. Math. Soc.},
  publisher = {American Mathematical Society},
  volume    = {318},
  number    = {2},
  pages     = {417--471},
  year      = {1990}
}
@article{temperley-lieb-algebra-lattices,
  title     = {Relations between the `percolation' and `colouring' problem and other graph-theoretical problems associated with regular planar lattices: some exact results for the `percolation' problem},
  author    = {H. N. V. Temperley and Elliott H Lieb},
  journal   = {Proc. R. Soc. Lond.},
  publisher = {Royal Society},
  volume    = {322},
  pages     = {251--280},
  year      = {1971},
  doi       = {10.1098/rspa.1971.0067}
}



@book{humphreys-category-O,
  title     = {Representations of Semisimple Lie Algebras in the BGG Category {$\mathcal{O}$}},
  author    = {James E. Humphreys},
  year      = {2008},
  series    = {Graduate Studies in Mathematics},
  volume    = {94},
  publisher = {American Mathematical Society},
  doi       = {http://dx.doi.org/10.1090/gsm/094}
}

@book{tensor-categories,
  title     = {Tensor Categories},
  author    = {Pavel Etingof and Shlomo Gelaki and Dmitri Nikshych and Victor Ostrik},
  year      = {2015},
  series    = {Mathematical Surveys and Monographs},
  volume    = {205},
  publisher = {American Mathematical Society},
  doi       = {http://dx.doi.org/10.1090/surv/205}
}

@book{maclane-category-theory,
  title     = {Categories for the Working Mathematician},
  author    = {Mac Lane, Saunders},
  year      = {1998},
  series    = {Graduate Texts in Mathematics},
  edition   = {2},
  volume    = {5},
  publisher = {Springer},
  doi       = {https://doi.org/10.1007/978-1-4757-4721-8}
}

@book{mazorchuk-lectures-sl2-modules,
  title     = {Lectures on {$\fraksl_2(\C)$}-Modules},
  author    = {Volodymyr Mazorchuk},
  year      = {2009},
  series    = {Graduate Texts in Mathematics},
  edition   = {2},
  volume    = {5},
  publisher = {IMPERIAL COLLEGE PRESS},
  doi       = {10.1142/p695}
}

@book{intro-soergel-bimodules,
  title     = {Introduction to Soergel Bimodules},
  author    = {Ben Elias and Shotaro Makisumi and Ulrich Thiel and Geordie Williamson},
  year      = {2020},
  series    = {RSME Springer Series},
  edition   = {1},
  volume    = {5},
  publisher = {Springer Cham},
  doi       = {https://doi.org/10.1007/978-3-030-48826-0}
}

@book{borceux-categorical-algebra,
  title     = {Handbook of categorical algebra. 1. Basic category theory},
  author    = {Borceux, Francis},
  year      = {1994},
  publisher = {Cambridge University Press},
  note      = {MR1291599 18-02 (18Axx)}
}

